%! Author = othel
%! Date = 19/01/2023

